%
% This is file `coppe.bib'.
%
% Bibliographic references for the documentation.
%
% Copyright (C) 2011 CoppeTeX Project and any individual authors listed
% elsewhere in this file.
%
% This program is free software; you can redistribute it and/or modify
% it under the terms of the GNU General Public License version 3 as
% published by the Free Software Foundation.
%
% This program is distributed in the hope that it will be useful,
% but WITHOUT ANY WARRANTY; without even the implied warranty of
% MERCHANTABILITY or FITNESS FOR A PARTICULAR PURPOSE. See the
% GNU General Public License version 3 for more details.
%
% You should have received a copy of the GNU General Public License
% version 3 along with this package (see COPYING file).
% If not, see <http://www.gnu.org/licenses/>.
%
% $URL: https://coppetex.svn.sourceforge.net/svnroot/coppetex/trunk/coppe.bib $
% $Id: coppe.bib 118 2008-10-18 14:17:06Z helano $
%
% Author(s): Vicente H. F. Batista
%            George O. Ainsworth Jr.
%
@book{siciliano,
   title = "Robotics : modelling, planning and control",
   author = "Siciliano, Bruno and Sciavicco, Lorenzo and Villani, Luigi",
   series = "Advanced Textbooks in Control and Signal Processing",
   publisher = "Springer",
   address = "London",
   year = {2009}
}

@book{petercorke,
   title = "Robotics, Vision \& Control",
   author = "P.I. Corke",
   publisher = "Springer",
   address = "",
   year = {2011}
}

@article{nilsson1998real,
  title={Real-time control systems with delays},
  author={Nilsson, Johan and others},
  year={1998},
  publisher={Lund institute of Technology Lund, Sweden}
}

@article{lagadic2012computer,
  title={Computer vision algorithms},
  author={Chaumette, François and Marchand,Eric and Spindler,Fabien and Tallonneau, Romain and Yol, Aurelien},
  year = {2012},
}

@inproceedings{nunes2013doris,
  title={DORIS-Monitoring Robot for Offshore Facilities},
  author={Nunes, Eduardo and Peixoto, Alessandro and Xaud, Marco and From, P Rego and Carvalho, Gustavo H and Oliveira, Jose Fernando and Lizarralde, Fernando and Neves, Alex and Motta-Ribeiro, Gabriel and Royroy, Anders Rego and others},
  booktitle={OTC Brasil},
  year={2013},
  organization={Offshore Technology Conference}
}

@article{freitas2015embedded,
  title={THE EMBEDDED ELECTRONICS AND SOFTWARE OF DORIS OFFSHORE ROBOT},
  author={Freitas, Renan S and Xaud, Marco FS and Marcovistz, Ighor and Neves, Alex F and Faria, Rafael O and Carvalho, Guilherme PS and Hsu, Liu and Nunes, Eduardo VL and Peixoto, Alessandro J and Lizarralde, Fernando and others},
  journal={IFAC-PapersOnLine},
  volume={48},
  number={6},
  pages={208--213},
  year={2015},
  publisher={Elsevier}
}

@inproceedings{galassi2014doris,
  title={Doris-a mobile robot for inspection and monitoring of offshore facilities},
  author={Galassi, Mauricio and R{\o}yr{\o}y, Anders and de Carvalho, Guilherme PS and Freitas, Gustavo M and From, P{\aa}l J and Costa, Ramon R and Lizarralde, Fernando and Hsu, Liu and de Carvalho, Gustavo HF and de Oliveira, Jose FL and others},
  booktitle={Anais do XX Congresso Brasileiro de Automtica (CBA)},
  pages={3174--3181},
  year={2014}
}

@inproceedings{quigley2009ros,
  title={ROS: an open-source Robot Operating System},
  author={Quigley, Morgan and Conley, Ken and Gerkey, Brian and Faust, Josh and Foote, Tully and Leibs, Jeremy and Wheeler, Rob and Ng, Andrew Y},
  booktitle={ICRA workshop on open source software},
  volume={3},
  number={3.2},
  pages={5},
  year={2009},
  organization={Kobe}
}

@misc{opencvCameraCalibration,
  author = "",
  title = "Camera Calibration and 3D Reconstruction",
  month = "February",
  year = "2017",
  url = "http://docs.opencv.org/2.4/modules/calib3d/doc/camera\_calibration\_and\_3d\_reconstruction.html" 
}

@book{strang,
   title =     {Linear Algebra and Its Applications},
   author =    {Gilbert Strang},
   publisher = {Brooks Cole},
   year =      {2005},
   series =    {},
   edition =   {4th},
   volume =    {},
   address =   {}
}

@article{quan1999linear,
  title={Linear n-point camera pose determination},
  author={Quan, Long and Lan, Zhongdan},
  journal={IEEE Transactions on pattern analysis and machine intelligence},
  volume={21},
  number={8},
  pages={774--780},
  year={1999},
  publisher={IEEE}
}

@article{marchand2016pose,
  title={Pose estimation for augmented reality: a hands-on survey},
  author={Marchand, Eric and Uchiyama, Hideaki and Spindler, Fabien},
  journal={IEEE transactions on visualization and computer graphics},
  volume={22},
  number={12},
  pages={2633--2651},
  year={2016},
  publisher={IEEE}
}

@article{dementhon1995model,
  title={Model-based object pose in 25 lines of code},
  author={Dementhon, Daniel F and Davis, Larry S},
  journal={International journal of computer vision},
  volume={15},
  number={1-2},
  pages={123--141},
  year={1995},
  publisher={Springer}
}

@article{oberkampf1996iterative,
  title={Iterative pose estimation using coplanar feature points},
  author={Oberkampf, Denis and DeMenthon, Daniel F and Davis, Larry S},
  journal={Computer Vision and Image Understanding},
  volume={63},
  number={3},
  pages={495--511},
  year={1996},
  publisher={Elsevier}
}

@inproceedings{carvalho2013doris,
  title={Doris-monitoring robot for offshore facilities},
  author={"Carvalho, G and Freitas, G and Costa, R and Carvalho, G and Oliveira, J and Netto, S and Silva, E and Xaud, M and Hsu, L and Motta-Ribeiro, G and others"},
  booktitle={Offshore Technology Conference Brasil},
  year={2013}
}

@MASTERSTHESIS{xaud2016doris,
   author = "Marco Xaud",
   title = "Modeling, Control and Electromechanical Design of a Modular Lightweight Manipulator for Interaction and Inspection Tasks",
   school = "Universidade Federal do Rio de Janeiro",
   type = "Master’s thesis",
   address = "",
   year = 2016
}

@misc{qtcompany,
  author = "",
  title = "Qt Documentation",
  url = "http://doc.qt.io/",
  year = 2017  
}

@misc{optoforce,
  author ="",
  title = "OMD-20-FE-200N DATASHEET V2.1",
  month = "December",
  year = "2016",
  url = "http://optoforce.com/wp-content/uploads/2016/12/OMD-20-FE-200N-DATASHEET-V2.1.pdf"
}

@misc{ros_concepts,
  author = "",
  title = "ROS/Concepts - ROS Wiki",
  month = "May",
  year = "2016",
  url = "http://wiki.ros.org/ROS/Concepts"
}

@misc{ros_nodes,
  author = "",
  title = "Nodes - ROS Wiki",
  month = "May",
  year = "2016",
  url = "http://wiki.ros.org/Nodes"
}

@misc{ros_main,
  author = "",
  title = "About ROS",
  month = "May",
  year = "2016",
  url = "http://www.ros.org/about-ros"
}

@misc{ros_nodelet,
  author = "",
  title = "Nodelet - ROS Wiki",
  month = "May",
  year = "2016",
  url = "http://wiki.ros.org/nodelet"
}

@misc{ros_services,
  author = "",
  title = "Services - ROS Wiki",
  month = "May",
  year = "2016",
  url = "http://wiki.ros.org/Services"
}

@misc{ros_pluginlib,
  author = "",
  title = "pluginlib - ROS Wiki",
  month = "May",
  year = "2016",
  url = "http://wiki.ros.org/pluginlib"
}

@misc{ros_catkin_conceptual,
  author = "",
  title = "pluginlib - ROS Wiki",
  month = "May",
  year = "2016",
  url = "http://wiki.ros.org/catkin/conceptual\_overview"
}

@misc{opencv2016pose,
  author = "",
  title = "Real Time pose estimation of a textured object",
  month = "December",
  year = "2016",
  url = "http://docs.opencv.org/3.2.0/dc/d2c/tutorial_real_time_pose.html" 
}


@PHDTHESIS{leite2011servo,
   author = "Antonio Candea Leite",
   title = "Servovisão Adaptativa e Controle de Força para Robôs Manipuladores com Cinemática e Dinâmica Incertas interagindo com Ambientes Não-Estruturados",
   school = "COPPE/UFRJ",
   address = "Rio de Janeiro, RJ, Brasil",
   type = "Tese de {D.Sc.}",
   year = 2011,
}

@BOOK{book-example,
   author = "R. Abraham and J. E. Marsden and T. Ratiu",
   title = "Manifolds, Tensor Analysis, and Applications",
   edition = "2",
   address = "New York",
   publisher = "Springer-Verlag",
   year = "1988",
}

@ARTICLE{article-example,
   author = "D. Iesan",
   title = {Existence Theorems in the Theory of Mixtures},
   journal = {Journal of Elasticity},
   volume = {42},
   number = {2},
   pages = {145--163},
   month = feb,
   year = 1996,
}

@TECHREPORT{techreport-exampleIn,
  author = "D. A. Garret",
  title = "The Microscopic Detection of Corrosion in Aluminum Aircraft Structures with Thermal Neutron Beams and Film Imaging Methods",
  type = "In: Report",
  number = "NBSIR 78-1434",
  institution = "National Bureau of Standards",
  address = "Washington, D.C.",
  year = "1977",
}

@TECHREPORT{techreport-example,
   author = "L. Maestrello",
   title = "Two-Point Correlations of Sound Pressure in the Far Field of a Jet: Experiment",
   type = "{NASA}",
   number = "{TM}~{X}-72835",
   year = 1976,
}

@INPROCEEDINGS{inproceedings-example,
   author = "M. E. Gurtin",
   title = "On the nonlinear theory of elasticity",
   booktitle = "Proceedings of the International Symposium on Continuum Mechanics and Partial Differential Equations: Contemporary Developments in Continuum Mechanics and Partial Differential Equations",
   pages = "237-253",
   address = "Rio de Janeiro",
   month = aug,
   year = 1977,
}


@INCOLLECTION{incollection-example,
   author = "S. C. Cowin",
   title = "Adaptive Anisotropy: An Example in Living Bone",
   booktitle = "Non-Classical Continuum Mechanics",
   series = "London Mathematical Society Lecture Note Series",
   volume = "122",
   publisher = "Cambridge University Press",
   pages = "174--186",
   year = 1987,
}

@INBOOK{inbook-example,
   author = "D. K. Edwards",
   title = "Thermal Radiation Measurements",
   address = "New York, USA",
   booktitle = "Measurements in Heat Transfer",
   publisher = "Hemisphere Publishing Corporation",
   editor = "E. R. G. Eckert and R. J. Goldstein",
   edition = 2,
   year = "1976",
   chapter = "10",
}

@MASTERSTHESIS{mastersthesis-example,
   author = "A. Tuntomo",
   title = "Transport Phenomena in a Small Particle with Internal Radiant Absorption",
   school = "University of California at Berkeley",
   type = "{Ph.D.} dissertation",
   address = "Berkeley, California, USA",
   year = 1990,
}

@PHDTHESIS{phdthesis-example,
   author = "Paes~Junior, H. R.",
   title = "Influ{\^e}ncia da Espessura da Camada Intr{\'i}nseca e Energia do Foton na Degrada{\c c}\~ao de C{\'e}lulas Solares de Sil{\'i}cio Amorfo Hidrogenado",
   school = "COPPE/UFRJ",
   address = "Rio de Janeiro, RJ, Brasil",
   type = "Tese de {D.Sc.}",
   year = 1994,
}